@misc{levenshtein,
	title="Вычисление редакционного расстояния [Электронный ресурс]",
	howpublished="Режим доступа: \url{https://habr.com/ru/post/117063/} (дата обращения: 17.09.2022)"
}

@misc{damerau-levenshtein,
	title="Нечёткий поиск в тексте и словаре [Электронный ресурс]",
	howpublished="Режим доступа: \url{https://habr.com/ru/post/114997/} (дата обращения: 17.09.2022)"
}


@misc{python-lang,
	title="Welcome to Python [Электронный ресурс]",
	howpublished="Режим доступа: \url{https://www.python.org} (дата обращения: 17.09.2022)"
}

@misc{python-lang-time,
	title="time — Time access and conversions [Электронный ресурс]",
	howpublished="Режим доступа: \url{https://docs.python.org/3/library/time.html#functions} (дата обращения: 17.09.2022)"
}


@misc{macos,
	title="macOS Monterey [Электронный ресурс]",
	howpublished="Режим доступа: \url{https://www.apple.com/macos/monterey/} (дата обращения: 17.09.2022)"
}

@misc{linux,
	title="Linux [Электронный ресурс]",
	howpublished="Режим доступа: \url{https://www.linux.org/forums/#linux-tutorials.122} (дата обращения: 17.09.2022)"
}

@misc{intel,
	title="Процессор Intel® Core™ i7 [Электронный ресурс]",
	howpublished="Режим доступа: \url{https://www.intel.com/processors/core/i7/docs} (дата обращения: 17.09.2022)"
}

@misc{model,
		title="М. В. Ульянов Ресурсно-эффективные компьютерные алгоритмы. Разработка и анализ."},
		year=2007
}
