@inbook{pancake-sort,
  author="William, H. Gates",
  title="Bounds for sorting by prefix reversal",
  publisher="-- Department of Electrical Engineering, University of California, BerkeleyNorth-Holland Publishhing Company",
  chapter=2,
  pages="47--57",
  language="english",
  year=1978
}

@inbook{radix-sort,
  author="Левитин, А. В. ",
  title="Алгоритмы: введение в разработку и анализ",
  publisher="-- М.: Издательский дом ``Вильямс``, - 576 с.",
  chapter=2,
  language="russian",
  year=2006
}

@inbook{bst-sort,
  author="Акопов, Р.",
  title="Двоичные деревья поиска",
  publisher="-- М.: Оптим, RSDN Magazine [Электронный ресурс]",
  language="russian",
  year=2004,
  url="Режим доступа: \url{http://rsdn.org/article/alg/binstree.xml} (дата обращения: 17.09.2022)"
}

@inbook{model,
  author="Ульянов, М. В.",
  title="Ресурсно-эффективные компьютерные алгоритмы. Разработка и анализ.",
  publisher="-- М. Наука, Физматлит",
  language="russian",
  year=2007,
  pages=376
}

@misc{python-lang,
	title="Welcome to Python [Электронный ресурс]",
	howpublished="Режим доступа: \url{https://www.python.org} (дата обращения: 06.10.2022)"
}

@misc{python-lang-time,
	title="time — Time access and conversions [Электронный ресурс]",
	howpublished="Режим доступа: \url{https://docs.python.org/3/library/time.html#functions} (дата обращения: 04.10.2022)"
}

@misc{macos,
	title="macOS Monterey [Электронный ресурс]",
	howpublished="Режим доступа: \url{https://www.apple.com/macos/monterey/} (дата обращения: 17.09.2022)"
}

@misc{linux,
	title="Linux [Электронный ресурс]",
	howpublished="Режим доступа: \url{https://www.linux.org/forums/#linux-tutorials.122} (дата обращения: 17.09.2022)"
}

@misc{intel,
	title="Процессор Intel® Core™ i7 [Электронный ресурс]",
	howpublished="Режим доступа: \url{https://www.intel.com/processors/core/i7/docs} (дата обращения: 17.09.2022)"
}
