@inbook{task,
  author="Борознов В. О.",
  title="Исследование решения задачи коммивояжера",
  publisher="--- АГТУ, Вестник Астраханского государственного технического университета. Серия: Управление, вычислительная техника и информатика [Электронный ресурс]",
  language="russian",
  year=2022,
  url="Режим доступа: \url{https://cyberleninka.ru/article/n/issledovanie-resheniya-zadachi-kommivoyazhera/viewer} (дата обращения: 18.11.2021)"
}

@inbook{full-comb,
  author="Семёнов С. С., Педан А. В., Воловиков В. С., Климов И. С.",
  title="Анализ трудоёмкости различных алгоритмических подходов для решения задачи коммивояжёра",
  publisher="---  ООО «Корпорация «Интел Групп», Системы управления, связи и безопасности [Электронный ресурс]",
  language="russian",
  year=2022,
  url="Режим доступа: \url{https://cyberleninka.ru/article/n/analiz-trudoemkosti-razlichnyh-algoritmicheskih-podhodov-dlya-\
  resheniya-zadachi-kommivoyazhera} (дата обращения: 18.11.2021)"
}

@misc{python-lang,
	title="Welcome to Python [Электронный ресурс]",
	howpublished="Режим доступа: \url{https://www.python.org} (дата обращения: 11.10.2022)"
}

@misc{python-lang-time,
	title="time — Time access and conversions [Электронный ресурс]",
	howpublished="Режим доступа: \url{https://docs.python.org/3/library/time.html#functions} (дата обращения: 17.09.2022)"
}

@misc{macos,
	title="macOS Monterey [Электронный ресурс]",
	howpublished="Режим доступа: \url{https://www.apple.com/macos/monterey/} (дата обращения: 11.10.2022)"
}

@misc{linux,
	title="Linux [Электронный ресурс]",
	howpublished="Режим доступа: \url{https://www.linux.org/forums/#linux-tutorials.122} (дата обращения: 17.09.2022)"
}

@misc{intel,
	title="Процессор Intel® Core™ i7 [Электронный ресурс]",
	howpublished="Режим доступа: \url{https://www.intel.com/processors/core/i7/docs} (дата обращения: 17.09.2022)"
}
