@inbook{dict,
  author="Шапошникова С.",
  title="Словари --- Лаборатория линуксоида [Электронный ресурс]",
  language="russian",
  year=2022,
  url="Режим доступа: \url{https://younglinux.info/python/dictionary} (дата обращения: 19.12.2022)"
}

@book{
	AI,
	author="Нильсон Н.",
	title="Искусственный интеллект. Методы поиска решений.",
	publisher="М.: Мир",
	year=1973,
	pages=273
}

@inbook{full-comb,
  author="Семёнов С. С., Педан А. В., Воловиков В. С., Климов И. С.",
  title="Анализ трудоёмкости различных алгоритмических подходов для решения задачи коммивояжёра",
  publisher="---  ООО «Корпорация «Интел Групп», Системы управления, связи и безопасности [Электронный ресурс]",
  language="russian",
  year=2022,
  url="Режим доступа: \url{https://cyberleninka.ru/article/n/analiz-trudoemkosti-razlichnyh-algoritmicheskih-podhodov-dlya-\
  resheniya-zadachi-kommivoyazhera} (дата обращения: 18.11.2022)"
}

@misc{pythonlang,
	title="Welcome to Python [Электронный ресурс]",
	howpublished="Режим доступа: \url{https://www.python.org} (дата обращения: 04.09.2022)"
}
@misc{pythondict,
	title="dict Python [Электронный ресурс]",
	howpublished="Режим доступа: \url{https://docs.python.org/3/library/2to3.html?highlight=dict#to3fixer-dict} (дата обращения: 04.09.2022)"
}

@misc{pythonlist,
	title="list Python [Электронный ресурс]",
	howpublished="Режим доступа: \url{https://docs.python.org/3/library/pdb.html?highlight=list#pdbcommand-list} (дата обращения: 04.09.2022)"
}

@misc{python-lang-time,
	title="time — Time access and conversions [Электронный ресурс]",
	howpublished="Режим доступа: \url{https://docs.python.org/3/library/time.html#functions} (дата обращения: 17.09.2022)"
}

@misc{macos,
	title="macOS Monterey [Электронный ресурс]",
	howpublished="Режим доступа: \url{https://www.apple.com/macos/monterey/} (дата обращения: 11.10.2022)"
}

@misc{linux,
	title="Linux [Электронный ресурс]",
	howpublished="Режим доступа: \url{https://www.linux.org/forums/#linux-tutorials.122} (дата обращения: 17.09.2022)"
}

@misc{intel,
	title="Процессор Intel® Core™ i7 [Электронный ресурс]",
	howpublished="Режим доступа: \url{https://www.intel.com/processors/core/i7/docs} (дата обращения: 17.09.2022)"
}
