@inbook{multithreading,
  author="Justin Stoltzfus",
  title="Multithreading",
  publisher="-- Techopedia - Janalta Interactive Inc. [Электронный ресурс]",
  language="english",
  year=2022,
  url="Режим доступа: \url{https://www.techopedia.com/definition/24297/multithreading-computer-architecture} (дата обращения: 11.10.2022)"
}

@inbook{process,
  author="У. Ричард Стивенс, Стивен А. Раго",
  title="UNIX. Профессиональное программирование. 3-е издание",
  publisher=" -- СПб.: Питер",
  language="russian",
  pages="994",
  year=2018,
}
% тире перед страницами -- это должно настраиваться в шаблоне
@inbook{thread-pool,
  author="Binildas Christudas",
  title="Query by Slice, Parallel Execute, and Join: A Thread Pool Pattern in Java",
  publisher="-- Infosys Technologies [Электронный ресурс]",
  chapter=2,
  language="english",
  year=2008,
  url="Режим доступа: \url{https://web.archive.org/web/20080207124322/http://today.java.net/pub/a/today/2008/01/31/query-by-slice-parallel-execute-join-thread-pool-pattern.html} (дата обращения: 11.10.2022)"
}

@inbook{bst-sort,
  author="Акопов, Р.",
  title="Двоичные деревья поиска",
  publisher="-- М.: Оптим, RSDN Magazine",
  language="russian",
  year=2004,
  url="\url{http://rsdn.org/article/alg/binstree.xml}"
}

@inbook{model,
  author="Ульянов, М. В.",
  title="Ресурсно-эффективные компьютерные алгоритмы. Разработка и анализ.",
  publisher="-- М. Наука, Физматлит",
  language="russian",
  year=2007
}

@misc{cpp-lang,
	title="Программирование на C/C++ [Электронный ресурс]",
	howpublished="Режим доступа: \url{http://www.c-cpp.ru/} (дата обращения: 11.10.2022)"
}

@misc{python-lang,
	title="Welcome to Python [Электронный ресурс]",
	howpublished="Режим доступа: \url{https://www.python.org} (дата обращения: 11.10.2022)"
}

@misc{wrk,
	title="Утилита wrk [Электронный ресурс]",
	howpublished="Режим доступа: \url{https://linuxcommandlibrary.com/man/wrk} (дата обращения: 11.10.2022)"
}

@misc{macos,
	title="macOS Monterey [Электронный ресурс]",
	howpublished="Режим доступа: \url{https://www.apple.com/macos/monterey/} (дата обращения: 11.10.2022)"
}

@misc{linux,
	title="Linux [Электронный ресурс]",
	howpublished="Режим доступа: \url{https://www.linux.org/forums/#linux-tutorials.122} (дата обращения: 17.09.2022)"
}

@misc{intel,
	title="Процессор Intel® Core™ i7 [Электронный ресурс]",
	howpublished="Режим доступа: \url{https://www.intel.com/processors/core/i7/docs} (дата обращения: 17.09.2022)"
}
