@inbook{matrix,
  author="Баварин, И. И.",
  title="Высшая математика: учебник по естественно-научным направлениям и специальностям",
  publisher="-- М.: Гуманит. изд. центр ВЛАДОС",
  chapter=3,
  pages="45--49",
  language="russian",
  year=2003
}

@misc{vinograd-matrix,
	title="Kakaradov B. Ultra-Fast Matrix Multiplication:
An Empirical Analysis of Highly Optimized Vector Algorithms [Электронный ресурс] //
cs.stanford.edu: [сайт]. [2004]",
	howpublished="URL: \url{https://cs.stanford.edu/people/boyko/pubs/MatrixMult_SURJ_2004.pdf}"
}

@misc{model,
		title="М. В. Ульянов Ресурсно-эффективные компьютерные алгоритмы. Разработка и анализ.",
		year=2007
}

@misc{python-lang,
	title="Welcome to Python [Электронный ресурс]",
	howpublished="Режим доступа: \url{https://www.python.org} (дата обращения: 04.10.2021)"
}

@misc{python-lang-time,
	title="time — Time access and conversions [Электронный ресурс]",
	howpublished="Режим доступа: \url{https://docs.python.org/3/library/time.html#functions} (дата обращения: 17.09.2021)"
}


@misc{macos,
	title="macOS Monterey [Электронный ресурс]",
	howpublished="Режим доступа: \url{https://www.apple.com/macos/monterey/} (дата обращения: 17.09.2022)"
}

@misc{linux,
	title="Linux [Электронный ресурс]",
	howpublished="Режим доступа: \url{https://www.linux.org/forums/#linux-tutorials.122} (дата обращения: 17.09.2022)"
}

@misc{intel,
	title="Процессор Intel® Core™ i7 [Электронный ресурс]",
	howpublished="Режим доступа: \url{https://www.intel.com/processors/core/i7/docs} (дата обращения: 17.09.2022)"
}
